<record><leader>00000cas a22000007a 4500</leader><controlfield tag="001">21124930</controlfield><controlfield tag="008">900226c19139999vaudr ne      0    0eng d</controlfield><datafield ind1=" " ind2=" " tag="010"><subfield code="a">sn 94059363 </subfield></datafield><datafield ind1=" " ind2=" " tag="040"><subfield code="a">VA@</subfield><subfield code="b">eng</subfield><subfield code="c">VA@</subfield><subfield code="d">NVK</subfield><subfield code="d">OCLCQ</subfield><subfield code="d">OCLCF</subfield><subfield code="d">OCLCO</subfield></datafield><datafield ind1=" " ind2=" " tag="042"><subfield code="a">msc</subfield></datafield><datafield ind1=" " ind2=" " tag="043"><subfield code="a">n-us-va</subfield></datafield><datafield ind1="0" ind2=" " tag="130"><subfield code="a">Daily news record (Harrisonburg, Va.)</subfield></datafield><datafield ind1="1" ind2="4" tag="245"><subfield code="a">The Daily news record.</subfield></datafield><datafield ind1=" " ind2=" " tag="260"><subfield code="a">Harrisonburg, Va. :</subfield><subfield code="b">Daily News-Record Asso.</subfield></datafield><datafield ind1=" " ind2=" " tag="300"><subfield code="a">v.</subfield></datafield><datafield ind1=" " ind2=" " tag="310"><subfield code="a">Daily</subfield></datafield><datafield ind1="1" ind2=" " tag="362"><subfield code="a">Began in 1913?</subfield><subfield code="z">Cf. Cappon, L.J. Va. newspapers.</subfield></datafield><datafield ind1=" " ind2=" " tag="500"><subfield code="a">Publisher varies: Rockingham Publishing Co., &lt;1917-&gt;.</subfield></datafield><datafield ind1=" " ind2=" " tag="530"><subfield code="a">Available on microfilm from Bell &amp; Howell, Micro Photo Div.</subfield></datafield><datafield ind1=" " ind2=" " tag="588"><subfield code="a">Description based on: Vol. 29, no. 24 (June 4, 1913).</subfield></datafield><datafield ind1=" " ind2="0" tag="651"><subfield code="a">Harrisonburg (Va.)</subfield><subfield code="v">Newspapers.</subfield></datafield><datafield ind1=" " ind2="7" tag="655"><subfield code="a">Newspapers.</subfield><subfield code="2">fast</subfield><subfield code="0">(OCoLC)fst01423814</subfield></datafield><datafield ind1=" " ind2="7" tag="651"><subfield code="a">Virginia</subfield><subfield code="z">Harrisonburg.</subfield><subfield code="2">fast</subfield><subfield code="0">(OCoLC)fst01224814</subfield></datafield><datafield ind1=" " ind2=" " tag="752"><subfield code="a">United States</subfield><subfield code="b">Virginia</subfield><subfield code="d">Harrisonburg.</subfield></datafield><datafield ind1="0" ind2=" " tag="775"><subfield code="t">Rockingham register (Harrisonburg, Va. : 1868)</subfield><subfield code="w">(DLC)sn 84024687</subfield></datafield><datafield ind1="0" ind2="4" tag="780"><subfield code="t">Rockingham daily record</subfield><subfield code="w">(DLC)sn 94059360</subfield></datafield><datafield ind1="0" ind2="4" tag="780"><subfield code="t">Harrisonburg daily news (Harrisonburg, Va. : 1904)</subfield><subfield code="w">(DLC)sn 94059366</subfield></datafield></record>